@misc{paradigms,
    author = "{Tudip Technologies}",
    title = "{7 Database Paradigms}",
    year = "2020",
    howpublished = {\url{https://tudip.com/blog-post/7-database-paradigms/}},
    note = "[Online]"
}

@misc{nosql1,
    author = "{Debreceni Egyetem}",
    title = "{NoSQL adatbázisok}",
    year = "2020",
    howpublished = {\url{https://arato.inf.unideb.hu/ispany.marton/Database/Lectures2020/noSQL.pdf}},
    note = "[Online; Pages 23-25, 27-33]"
}

@misc{nosql2,
    author = "{Dr. Hegedűs Péter, Dr. Ferenc Rudolf}",
    title = "{Nagyméretű adatbázisok}",
    howpublished = {\url{http://eta.bibl.u-szeged.hu/5031/7/EFOP343_A6_7e_BigData-nosql-over-hadoop-SPOC.pdf}},
    note = "[Online; Page 3]"
}

@misc{nosql3,
    author = "{Dr. Gajdos Sándor}",
    title = "{Adatbázisok - NoSQL adatbázis-kezelők}",
    howpublished = {\url{https://inf.mit.bme.hu/sites/default/files/publications/nosql-konyvfejezet.pdf}},
    note = "[Online; Pages 227-232]"
}

@misc{adatok-leirasa,
    author = "{Neo4j}",
    title = "{Graph database concepts}",
    howpublished = {\url{https://neo4j.com/docs/getting-started/current/graphdb-concepts/#graphdb-concepts}},
    note = "[Online]"
}

@misc{neo4j,
    author = "{Neo4j}",
    title = "{Getting Started Guide}",
    howpublished = {\url{https://neo4j.com/docs/getting-started/current/}},
    note = "[Online]"
}

@misc{neptune,
    author = "{Amazon Web Services}",
    title = "{What Is Amazon Neptune?}",
    howpublished = {\url{https://docs.aws.amazon.com/neptune/latest/userguide/intro.html}},
    note = "[Online]"
}

@misc{azure,
    author = "{Microsoft Corporation}",
    title = "{Welcome to Azure Cosmos DB}",
    howpublished = {\url{https://docs.microsoft.com/en-us/azure/cosmos-db/introduction}},
    note = "[Online]"
}

@misc{tigergraph,
    author = "{TigerGraph}",
    title = "{TigerGraph Server}",
    howpublished = {\url{https://docs.tigergraph.com/tigergraph-server/current/intro/}},
    note = "[Online]"
}

@misc{anzograph1,
    author = "{Cambridge Semantics}",
    title = "{AnzoGraph DB}",
    howpublished = {\url{https://cambridgesemantics.com/anzograph/}},
    note = "[Online]"
}

@misc{anzograph2,
    author = "{Cambridge Semantics}",
    title = "{AnzoGraph Features and Benefits}",
    howpublished = {\url{https://docs.cambridgesemantics.com/anzograph/v2.5/userdoc/features.htm}},
    note = "[Online]"
}

@misc{dgraph,
    author = "{Dgraph}",
    title = "{Dgraph Database Overview}",
    howpublished = {\url{https://dgraph.io/docs/dgraph-overview/}},
    note = "[Online]"
}

@misc{react,
    author = "{React}",
    title = "{Bevezetés a Reactbe - Mi az a React?}",
    howpublished = {\url{https://hu.reactjs.org/tutorial/tutorial.html#what-is-react}},
    note = "[Online]"
}

@misc{neo4j-graph-database,
    author = "{Neo4j}",
    title = "{Neo4j Graph Database - The Fastest Path to Graph Productivity}",
    year = "2021",
    howpublished = {\url{https://go.neo4j.com/rs/710-RRC-335/images/Neo4j-product-brief-database-US-EN.pdf}},
    note = "[Online]"
}

@misc{neo4j-graph-data-science,
    author = "{Neo4j}",
    title = "{Neo4j Graph Data Science}",
    howpublished = {\url{https://neo4j.com/developer/graph-data-science/}},
    note = "[Online]"
}

@misc{neo4j-desktop,
    author = "{Neo4j}",
    title = "{Neo4j Desktop User Interface Guide}",
    howpublished = {\url{https://neo4j.com/developer/neo4j-desktop/}},
    note = "[Online]"
}

@misc{neo4j-browser,
    author = "{Neo4j}",
    title = "{Neo4j Browser User Interface Guide}",
    howpublished = {\url{https://neo4j.com/developer/neo4j-browser/}},
    note = "[Online]"
}

@misc{neo4j-bloom1,
    author = "{Neo4j}",
    title = "{Neo4j Browser User Interface Guide}",
    howpublished = {\url{Neo4j Bloom User Interface Guide}},
    note = "[Online]"
}

@misc{neo4j-bloom2,
    author = "{Neo4j}",
    title = "{Neo4j Bloom 2.1}",
    howpublished = {\url{https://neo4j.com/docs/bloom-user-guide/current/}},
    note = "[Online]"
}

@misc{neo4j-graphql-library1,
    author = "{Neo4j}",
    title = "{Neo4j and GraphQL}",
    howpublished = {\url{https://neo4j.com/developer/graphql/}},
    note = "[Online]"
}

@misc{neo4j-graphql-library2,
    author = "{Neo4j}",
    title = "{Neo4j GraphQL Library Introduction}",
    howpublished = {\url{https://neo4j.com/docs/graphql-manual/current/introduction/}},
    note = "[Online]"
}

@misc{neo4j-values,
    author = "{Neo4j}",
    title = "{Values and types}",
    howpublished = {\url{https://neo4j.com/docs/cypher-manual/current/syntax/values/}},
    note = "[Online]"
}

@misc{cypher,
    author = "{Neo4j}",
    title = "{The Neo4j Cypher Manual v4.4}",
    howpublished = {\url{https://neo4j.com/docs/cypher-manual/current/}},
    note = "[Online]"
}

@misc{sql,
    author = "{W3Schools}",
    title = "{SQL Tutorial}",
    howpublished = {\url{https://www.w3schools.com/sql/}},
    note = "[Online]"
}

@misc{neo4j-session-api,
    author = "{Neo4j}",
    title = "{The session API}",
    howpublished = {\url{https://neo4j.com/docs/javascript-manual/current/session-api/}},
    note = "[Online]"
}


@misc{neo4j-ogm,
    author = "{Neo4j}",
    title = "{OGM Library - Introduction}",
    howpublished = {\url{https://neo4j.com/docs/ogm-manual/current/introduction/}},
    note = "[Online]"
}

@misc{neo4j-privileges,
    author = "{Neo4j}",
    title = "{Managing privileges}",
    howpublished = {\url{https://neo4j.com/docs/cypher-manual/current/access-control/manage-privileges/}},
    note = "[Online]"
}


@misc{cache,
    author = "{Microsoft Corporation}",
    title = "{A gyorsítótárazás működése}",
    howpublished = {\url{https://docs.microsoft.com/hu-hu/azure/cdn/cdn-how-caching-works}},
    note = "[Online]"
}

@misc{neo4j-page-cache,
    author = "{Neo4j}",
    title = "{Memory configuration}",
    howpublished = {\url{https://neo4j.com/docs/operations-manual/current/performance/memory-configuration/}},
    note = "[Online]"
}

@misc{neo4j-config-settings,
    author = "{Neo4j}",
    title = "{Configuration settings}",
    howpublished = {\url{https://neo4j.com/docs/operations-manual/current/reference/configuration-settings/}},
    note = "[Online]"
}

@misc{neo4j-backup,
    author = "{Neo4j}",
    title = "{Backup and restore planning}",
    howpublished = {\url{https://neo4j.com/docs/operations-manual/current/backup-restore/planning/}},
    note = "[Online]"
}


